@InProceedings{GvVW17,
	author="G{\"o}pfert, Florian
	and van Vredendaal, Christine
	and Wunderer, Thomas",
	editor="Lange, Tanja
	and Takagi, Tsuyoshi",
	title="A Hybrid Lattice Basis Reduction and Quantum Search Attack on LWE",
	booktitle="Post-Quantum Cryptography ",
	year="2017",
	publisher="Springer International Publishing",
	address="Cham",
	pages="184--202",
	isbn="978-3-319-59879-6"
}




@InProceedings{BBD+15,
	author="Bischof, Christian
	and Buchmann, Johannes
	and Dagdelen, {\"O}zg{\"u}r
	and Fitzpatrick, Robert
	and G{\"o}pfert, Florian
	and Mariano, Artur",
	editor="Ors, Berna
	and Preneel, Bart",
	title="Nearest Planes in Practice",
	booktitle="Cryptography and Information Security in the Balkans",
	year="2015",
	publisher="Springer International Publishing",
	address="Cham",
	pages="203--215",
	isbn="978-3-319-21356-9"
}



@article{CWX09,
	author    = {Xiao{-}Wen Chang and
	Jinming Wen and
	Xiaohu Xie},
	title     = {Effects of the {LLL} reduction on the success probability of the Babai
	point and on the complexity of sphere decoding},
	journal   = {CoRR},
	volume    = {abs/1204.2009},
	year      = {2012},
	url       = {http://arxiv.org/abs/1204.2009},
	archivePrefix = {arXiv},
	eprint    = {1204.2009},
	timestamp = {Wed, 07 Jun 2017 14:41:19 +0200},
	biburl    = {https://dblp.org/rec/bib/journals/corr/abs-1204-2009},
	bibsource = {dblp computer science bibliography, https://dblp.org}
}

@InProceedings{vdPS13,
	author="van de Pol, Joop
	and Smart, Nigel P.",
	editor="Stam, Martijn",
	title="Estimating Key Sizes for High Dimensional Lattice-Based Systems",
	booktitle="Cryptography and Coding",
	year="2013",
	publisher="Springer Berlin Heidelberg",
	address="Berlin, Heidelberg",
	pages="290--303",
	isbn="978-3-642-45239-0"
}


@InProceedings{LN14,
	author="Lepoint, Tancr{\`e}de
	and Naehrig, Michael",
	editor="Pointcheval, David
	and Vergnaud, Damien",
	title="A Comparison of the Homomorphic Encryption Schemes FV and YASHE            ",
	booktitle="Progress in Cryptology -- AFRICACRYPT 2014",
	year="2014",
	publisher="Springer International Publishing",
	address="Cham",
	pages="318--335",
	isbn="978-3-319-06734-6"
}


@misc{Alb17,
	author = {Martin R. Albrecht},
	title = {On dual lattice attacks against small-secret LWE and parameter choices in HElib and SEAL},
	howpublished = {Cryptology ePrint Archive, Report 2017/047},
	year = {2017},
	note = {\url{https://eprint.iacr.org/2017/047}},
}
@misc{Wun16,
	author = {Thomas Wunderer},
	title = {Revisiting the Hybrid Attack: Improved Analysis and Refined Security Estimates},
	howpublished = {Cryptology ePrint Archive, Report 2016/733},
	year = {2016},
	note = {\url{https://eprint.iacr.org/2016/733}},
}

@InProceedings{BGPW16,
	author="Buchmann, Johannes
	and G{\"o}pfert, Florian
	and Player, Rachel
	and Wunderer, Thomas",
	editor="Pointcheval, David
	and Nitaj, Abderrahmane
	and Rachidi, Tajjeeddine",
	title="On the Hardness of LWE with Binary Error: Revisiting the Hybrid Lattice-Reduction and Meet-in-the-Middle Attack",
	booktitle="Progress in Cryptology -- AFRICACRYPT 2016",
	year="2016",
	publisher="Springer International Publishing",
	address="Cham",
	pages="24--43",
	isbn="978-3-319-31517-1"
}


misc{AFG13,
	author = {Martin R. Albrecht and Robert Fitzpatrick and Florian G ̈opfert},
	title = {On the Efficacy of Solving LWE by Reduction to Unique-SVP},
	howpublished = {Cryptology ePrint Archive, Report 2013/602},
	year = {2013},
	note = {\url{https://eprint.iacr.org/2013/602}},
}

@misc{AGVW17,
	author = {Martin R. Albrecht and Florian Göpfert and Fernando Virdia and Thomas Wunderer},
	title = {Revisiting the Expected Cost of Solving uSVP and Applications to LWE},
	howpublished = {Cryptology ePrint Archive, Report 2017/815},
	year = {2017},
	note = {\url{https://eprint.iacr.org/2017/815}},
}

@misc{Lyu16,
	author = {Vadim Lyubashevsky},
	title = {Digital Signatures Based on the Hardness of Ideal Lattice Problems in all Rings},
	howpublished = {Cryptology ePrint Archive, Report 2016/796},
	year = {2016},
	note = {\url{https://eprint.iacr.org/2016/796}},
}


@misc{RSSS17,
	author = {Miruna Rosca and Amin Sakzad and Ron Steinfeld and Damien Stehle},
	title = {Middle-Product Learning With Errors},
	howpublished = {Cryptology ePrint Archive, Report 2017/628},
	year = {2017},
	note = {\url{https://eprint.iacr.org/2017/628}},
}
@InProceedings{BGG+15,
	author="Dagdelen, {\"O}zg{\"u}r
	and El Bansarkhani, Rachid
	and G{\"o}pfert, Florian
	and G{\"u}neysu, Tim
	and Oder, Tobias
	and P{\"o}ppelmann, Thomas
	and S{\'a}nchez, Ana Helena
	and Schwabe, Peter",
	editor="Aranha, Diego F.
	and Menezes, Alfred",
	title="High-Speed Signatures from Standard Lattices",
	booktitle="Progress in Cryptology - LATINCRYPT 2014",
	year="2015",
	publisher="Springer International Publishing",
	address="Cham",
	pages="84--103",
	isbn="978-3-319-16295-9"
}

@article{Smi84,
	author = {Smith, Robert L.},
	title = {Efficient Monte Carlo Procedures for Generating Points Uniformly Distributed over Bounded Regions},
	journal = {Oper. Res.},
	issue_date = {December 1984},
	volume = {32},
	number = {6},
	month = dec,
	year = {1984},
	issn = {0030-364X},
	pages = {1296--1308},
	numpages = {13},
	url = {http://dx.doi.org/10.1287/opre.32.6.1296},
	doi = {10.1287/opre.32.6.1296},
	acmid = {2780607},
	publisher = {INFORMS},
	address = {Institute for Operations Research and the Management Sciences (INFORMS), Linthicum, Maryland, USA},
	keywords = {621 random feasible solutions, 766 multivariate random number generation},
} 


@misc{DS10,
	author = {Özgür Dagdelen and Michael Schneider},
	title = {Parallel Enumeration of Shortest Lattice Vectors},
	howpublished = {Cryptology ePrint Archive, Report 2010/097},
	year = {2010},
	note = {\url{https://eprint.iacr.org/2010/097}},
}

@ARTICLE{BK98, 
	author={A. H. Banihashemi and A. K. Khandani}, 
	journal={IEEE Transactions on Information Theory}, 
	title={On the complexity of decoding lattices using the Korkin-Zolotarev reduced basis}, 
	year={1998}, 
	volume={44}, 
	number={1}, 
	pages={162-171}, 
	keywords={computational complexity;decoding;search problems;Barnes-Wall lattices;ESM lattices;Gram-Schmidt vectors;Kannan's algorithm;Korkin-Zolotarev lattice basis;Korkin-Zolotarev reduced basis;Leech lattice;coding gain;communications;cube;decoding algorithm;decoding complexity;dimension;equal successive minima;lattice decoding;lower bound;rectangular parallelepiped;recursive cube search;upper bound;Decoding;Geometry;Information technology;Lattices;Linear programming;Scholarships;Upper bound;Vector quantization;Viterbi algorithm}, 
	doi={10.1109/18.651011}, 
	ISSN={0018-9448}, 
	month={Jan},}



@InProceedings{Blo00,
	author="Bl{\"o}mer, Johannes",
	editor="Montanari, Ugo
	and Rolim, Jos{\'e} D. P.
	and Welzl, Emo",
	title="Closest Vectors, Successive Minima, and Dual HKZ-Bases of Lattices",
	booktitle="Automata, Languages and Programming",
	year="2000",
	publisher="Springer Berlin Heidelberg",
	address="Berlin, Heidelberg",
	pages="248--259",
	isbn="978-3-540-45022-1"
}



@InProceedings{LN13,
	author="Liu, Mingjie
	and Nguyen, Phong Q.",
	editor="Dawson, Ed",
	title="Solving BDD by Enumeration: An Update",
	booktitle="Topics in Cryptology -- CT-RSA 2013",
	year="2013",
	publisher="Springer Berlin Heidelberg",
	address="Berlin, Heidelberg",
	pages="293--309",
	isbn="978-3-642-36095-4"
}



@article{Kan87,
	author = {Kannan, Ravi},
	title = {Minkowski's Convex Body Theorem and Integer Programming},
	journal = {Mathematics of Operations Research},
	volume = {12},
	number = {3},
	pages = {415-440},
	year = {1987},
	doi = {10.1287/moor.12.3.415},
	
	URL = { https://doi.org/10.1287/moor.12.3.415},
	eprint = {https://doi.org/10.1287/moor.12.3.415},
}


@ARTICLE{AEVZ02, 
	author={E. Agrell and T. Eriksson and A. Vardy and K. Zeger}, 
	journal={IEEE Transactions on Information Theory}, 
	title={Closest point search in lattices}, 
	year={2002}, 
	volume={48}, 
	number={8}, 
	pages={2201-2214}, 
	keywords={computational complexity;decoding;matrix algebra;reviews;search problems;Kannan algorithm;Korkine-Zolotareff reduced basis;Pohst algorithm;Pohst method;Schnorr-Euchner method;Viterbo-Boutros decoder;Voronoi-relevant vectors;complexity analysis;efficient closest point search algorithm;kissing number;lattice decoding;lattice generator matrix;lattices;shortest vector;Channel coding;Codes;Lattices;Maximum likelihood decoding;Nearest neighbor searches;Quantization;Search methods;Search problems;Source coding;Terminology}, 
	doi={10.1109/TIT.2002.800499}, 
	ISSN={0018-9448}, 
	month={Aug},}


@InProceedings{PS08,
	author="Pujol, Xavier
	and Stehl{\'e}, Damien",
	editor="Pieprzyk, Josef",
	title="Rigorous and Efficient Short Lattice Vectors Enumeration",
	booktitle="Advances in Cryptology - ASIACRYPT 2008",
	year="2008",
	publisher="Springer Berlin Heidelberg",
	address="Berlin, Heidelberg",
	pages="390--405",
	isbn="978-3-540-89255-7"
}



%ENUMERATION
@misc{FP85,
	author={ U. Fincke and M. Pohst},
	title={Improved methods for calculating vectors of short length in a lattice, including a complexity analysis},
	Journal={ Math. Comp. 44 (1985), 463-471} ,
	year={1985},
	url ={https://doi.org/10.1090/S0025-5718-1985-0777278-8} }

@misc{AN17,
	author = {Yoshinori Aono and Phong Q. Nguyen},
	title = {Random Sampling Revisited: Lattice Enumeration with Discrete Pruning},
	howpublished = {Cryptology ePrint Archive, Report 2017/155},
	year = {2017},
	note = {\url{https://eprint.iacr.org/2017/155}},
}


@article{HS17,
	author    = {Guillaume Hanrot and Damien Stehl{\'{e}}},
	title     = {Improved Analysis of Kannan's Shortest Lattice Vector Algorithm},
	journal   = {CoRR},
	volume    = {abs/0705.0965},
	year      = {2007},
	url       = {http://arxiv.org/abs/0705.0965},
	archivePrefix = {arXiv},
	eprint    = {0705.0965},
	timestamp = {Wed, 07 Jun 2017 14:40:09 +0200},
	biburl    = {https://dblp.org/rec/bib/journals/corr/abs-0705-0965},
	bibsource = {dblp computer science bibliography, https://dblp.org}
}

@misc{Wal14,
	author = {Michael Walter},
	title = {Lattice Point Enumeration on Block Reduced Bases},
	howpublished = {Cryptology ePrint Archive, Report 2014/948},
	year = {2014},
	note = {\url{https://eprint.iacr.org/2014/948}},
}


@Article{SE94,
	author="Schnorr, C. P.
	and Euchner, M.",
	title="Lattice basis reduction: Improved practical algorithms and solving subset sum problems",
	journal="Mathematical Programming",
	year="1994",
	month="Aug",
	day="01",
	volume="66",
	number="1",
	pages="181--199",
	issn="1436-4646",
	doi="10.1007/BF01581144",
	url="https://doi.org/10.1007/BF01581144"
}

@misc{ANSS18,
	author = {Yoshinori Aono and Phong Q. Nguyen and Takanobu Seito and Junji Shikata},
	title = {Lower Bounds on Lattice Enumeration with Extreme Pruning},
	howpublished = {Cryptology ePrint Archive, Report 2018/586},
	year = {2018},
	note = {\url{https://eprint.iacr.org/2018/586}},
}


@article{Aono18,
	author    = {Yoshinori Aono},
	title     = {A faster method for computing Gama-Nguyen-Regev's extreme pruning
	coefficients},
	journal   = {CoRR},
	volume    = {abs/1406.0342},
	year      = {2018},
	url       = {http://arxiv.org/abs/1406.0342},
	archivePrefix = {arXiv},
	eprint    = {1406.0342},
	timestamp = {Wed, 07 Jun 2017 14:42:00 +0200},
	biburl    = {https://dblp.org/rec/bib/journals/corr/Aono14},
	bibsource = {dblp computer science bibliography, https://dblp.org}
}


@misc{BSW16,
	author = {Shi Bai and Damien Stehle and Weiqiang Wen},
	title = {Improved Reduction from the Bounded Distance Decoding Problem to the Unique Shortest Vector Problem in Lattices},
	howpublished = {Cryptology ePrint Archive, Report 2016/753},
	year = {2016},
	note = {\url{https://eprint.iacr.org/2016/753}},
}


@misc{Wal14,
	author = {Michael Walter},
	title = {Lattice Point Enumeration on Block Reduced Bases},
	howpublished = {Cryptology ePrint Archive, Report 2014/948},
	year = {2014},
	note = {\url{https://eprint.iacr.org/2014/948}},
}

@inproceedings{GNR10,
	author = {Gama, Nicolas and Nguyen, Phong Q. and Regev, Oded},
	title = {Lattice Enumeration Using Extreme Pruning},
	booktitle = {Proceedings of the 29th Annual International Conference on Theory and Applications of Cryptographic Techniques},
	series = {EUROCRYPT'10},
	year = {2010},
	isbn = {3-642-13189-1, 978-3-642-13189-9},
	location = {French Riviera, France},
	pages = {257--278},
	numpages = {22},
	acmid = {2163839},
	publisher = {Springer-Verlag},
	address = {Berlin, Heidelberg},
} 


@misc{LWXZ11,
	author = {Mingjie Liu and Xiaoyun Wang and Guangwu Xu and Xuexin Zheng},
	title = {Shortest Lattice Vectors in the Presence of Gaps},
	howpublished = {Cryptology ePrint Archive, Report 2011/139},
	year = {2011},
	note = {\url{https://eprint.iacr.org/2011/139}},
}



@misc{ADPS16,
	author = {Erdem Alkim and Léo Ducas and Thomas Pöppelmann and Peter Schwabe},
	title = {Post-quantum key exchange - a new hope},
	howpublished = {Cryptology ePrint Archive, Report 2015/1092},
	year = {2015},
	note = {\url{https://eprint.iacr.org/2015/1092}},
}

@misc{ANS18,
	author = {Yoshinori Aono and Phong Q. Nguyen and Yixin Shen},
	title = {Quantum Lattice Enumeration and Tweaking Discrete Pruning},
	howpublished = {Cryptology ePrint Archive, Report 2018/546},
	year = {2018},
	note = {\url{https://eprint.iacr.org/2018/546}},
}


@Article{MO90,
	author="Mazo, J. E.
	and Odlyzko, A. M.",
	title="Lattice points in high-dimensional spheres",
	journal="Monatshefte f{\"u}r Mathematik",
	year="1990",
	month="Mar",
	day="01",
	volume="110",
	number="1",
	pages="47--61",
	issn="1436-5081",
	doi="10.1007/BF01571276",
	url="https://doi.org/10.1007/BF01571276"
}


@InProceedings{KSD+11,
	author="Kuo, Po-Chun
	and Schneider, Michael
	and Dagdelen, {\"O}zg{\"u}r
	and Reichelt, Jan
	and Buchmann, Johannes
	and Cheng, Chen-Mou
	and Yang, Bo-Yin",
	editor="Preneel, Bart
	and Takagi, Tsuyoshi",
	title="Extreme Enumeration on GPU and in Clouds",
	booktitle="Cryptographic Hardware and Embedded Systems -- CHES 2011",
	year="2011",
	publisher="Springer Berlin Heidelberg",
	address="Berlin, Heidelberg",
	pages="176--191",
	isbn="978-3-642-23951-9"
}

@misc{MW15,
	author = {Daniele Micciancio and Michael Walter},
	title = {Practical, Predictable Lattice Basis Reduction},
	howpublished = {Cryptology ePrint Archive, Report 2015/1123},
	year = {2015},
	note = {\url{https://eprint.iacr.org/2015/1123}},
}

@misc{MW14,
	author = {Daniele Micciancio and Michael Walter},
	title = {Fast Lattice Point Enumeration with Minimal Overhead},
	howpublished = {Cryptology ePrint Archive, Report 2014/569},
	year = {2014},
	note = {\url{https://eprint.iacr.org/2014/569}},
}


@misc{AA16,
	author = {Jacob Alperin-Sheriff and Daniel Apon},
	title = {Dimension-Preserving Reductions from LWE to LWR},
	howpublished = {Cryptology ePrint Archive, Report 2016/589},
	year = {2016},
	note = {\url{https://eprint.iacr.org/2016/589}},
}

@misc{ACFP14,
	author = {Martin R. Albrecht and Carlos Cid and Jean-Charles Faugère and Ludovic Perret},
	title = {Algebraic Algorithms for LWE},
	howpublished = {Cryptology ePrint Archive, Report 2014/1018},
	year = {2014},
	note = {\url{https://eprint.iacr.org/2014/1018}},
}


@InProceedings{AG11,
	author="Arora, Sanjeev
	and Ge, Rong",
	editor="Aceto, Luca
	and Henzinger, Monika
	and Sgall, Ji{\v{r}}{\'i}",
	title="New Algorithms for Learning in Presence of Errors",
	booktitle="Automata, Languages and Programming",
	year="2011",
	publisher="Springer Berlin Heidelberg",
	address="Berlin, Heidelberg",
	pages="403--415",
	isbn="978-3-642-22006-7"
}

@misc{AKPW13,
	author = {Joel Alwen and  Stephan Krenn and  Krzysztof Pietrzak and Daniel Wichs},
	title = {Learning with Rounding, Revisited: New Reduction, Properties and Applications},
	howpublished = {Cryptology ePrint Archive, Report 2013/098},
	year = {2013},
	note = {\url{https://eprint.iacr.org/2013/098}},
}


@misc{APS15,
	author = {Martin R. Albrecht and Rachel Player and Sam Scott},
	title = {On the concrete hardness of Learning with Errors},
	howpublished = {Cryptology ePrint Archive, Report 2015/046},
	year = {2015},
	note = {\url{https://eprint.iacr.org/2015/046}},
}

@Article{Bab86,
	author="Babai, L.",
	title="On Lov{\'a}sz' lattice reduction and the nearest lattice point problem",
	journal="Combinatorica",
	year="1986",
	month="March",
	day="01",
	volume="6",
	number="1",
	pages="1--13",
	issn="1439-6912",
	doi="10.1007/BF02579403",
	url="https://doi.org/10.1007/BF02579403"
}


@misc{BBGM+17,
	author = {Hayo Baan and Sauvik Bhattacharya and Oscar Garcia-Morchon and Ronald Rietman and Ludo Tolhuizen and Jose-Luis Torre-Arce and Zhenfei Zhang },
	title = {Round2: KEM and PKE based on GLWR},
	howpublished = {Submission to NIST proposal, Round 1},
	year = {2017},
	note = {\url{https://csrc.nist.gov/Projects/Post-Quantum-Cryptography/Round-1-Submissions}},
}

@InProceedings{BGM+15,
	author="Bogdanov, Andrej
	and Guo, Siyao
	and Masny, Daniel
	and Richelson, Silas
	and Rosen, Alon",
	editor="Kushilevitz, Eyal
	and Malkin, Tal",
	title="On the Hardness of Learning with Rounding over Small Modulus",
	booktitle="Theory of Cryptography",
	year="2016",
	publisher="Springer Berlin Heidelberg",
	address="Berlin, Heidelberg",
	pages="209--224",
	isbn="978-3-662-49096-9"
}


@inproceedings{BGV12,
	author = {Brakerski, Zvika and Gentry, Craig and Vaikuntanathan, Vinod},
	title = {(Leveled) Fully Homomorphic Encryption Without Bootstrapping},
	booktitle = {Proceedings of the 3rd Innovations in Theoretical Computer Science Conference},
	series = {ITCS '12},
	year = {2012},
	isbn = {978-1-4503-1115-1},
	location = {Cambridge, Massachusetts},
	pages = {309--325},
	numpages = {17},
	url = {http://doi.acm.org/10.1145/2090236.2090262},
	doi = {10.1145/2090236.2090262},
	acmid = {2090262},
	publisher = {ACM},
	address = {New York, NY, USA},
	keywords = {bootstrapping, fully homomorphic encryption, learning with errors, modulus reduction},
} 

@InProceedings{AFFP14,
	author="Albrecht, Martin R.
	and Faug{\`e}re, Jean-Charles
	and Fitzpatrick, Robert
	and Perret, Ludovic",
	editor="Krawczyk, Hugo",
	title="Lazy Modulus Switching for the BKW Algorithm on LWE",
	booktitle="Public-Key Cryptography -- PKC 2014",
	year="2014",
	publisher="Springer Berlin Heidelberg",
	address="Berlin, Heidelberg",
	pages="429--445",
	isbn="978-3-642-54631-0"
}



@InProceedings{BLMR13,
	author="Boneh, Dan
	and Lewi, Kevin
	and Montgomery, Hart
	and Raghunathan, Ananth",
	editor="Canetti, Ran
	and Garay, Juan A.",
	title="Key Homomorphic PRFs and Their Applications",
	booktitle="Advances in Cryptology -- CRYPTO 2013",
	year="2013",
	publisher="Springer Berlin Heidelberg",
	address="Berlin, Heidelberg",
	pages="410--428",
	isbn="978-3-642-40041-4"
}


@inproceedings{BLP+13,
	author = {Brakerski, Zvika and Langlois, Adeline and Peikert, Chris and Regev, Oded and Stehl{\'e}, Damien},
	title = {Classical Hardness of Learning with Errors},
	booktitle = {Proceedings of the Forty-fifth Annual ACM Symposium on Theory of Computing},
	series = {STOC '13},
	year = {2013},
	isbn = {978-1-4503-2029-0},
	location = {Palo Alto, California, USA},
	pages = {575--584},
	numpages = {10},
	url = {http://doi.acm.org/10.1145/2488608.2488680},
	doi = {10.1145/2488608.2488680},
	acmid = {2488680},
	publisher = {ACM},
	address = {New York, NY, USA},
	keywords = {lattices, learning with errors},
} 


@InProceedings{BPR12,
	author="Banerjee, Abhishek
	and Peikert, Chris
	and Rosen, Alon",
	editor="Pointcheval, David
	and Johansson, Thomas",
	title="Pseudorandom Functions and Lattices",
	booktitle="Advances in Cryptology -- EUROCRYPT 2012",
	year="2012",
	publisher="Springer Berlin Heidelberg",
	address="Berlin, Heidelberg",
	pages="719--737",
	isbn="978-3-642-29011-4"
}


@inproceedings{BV11a,
	author = {Brakerski, Zvika and Vaikuntanathan, Vinod},
	title = {Efficient Fully Homomorphic Encryption from (Standard) LWE},
	booktitle = {Proceedings of the 2011 IEEE 52Nd Annual Symposium on Foundations of Computer Science},
	series = {FOCS '11},
	year = {2011},
	isbn = {978-0-7695-4571-4},
	pages = {97--106},
	numpages = {10},
	url = {http://dx.doi.org/10.1109/FOCS.2011.12},
	doi = {10.1109/FOCS.2011.12},
	acmid = {2082933},
	publisher = {IEEE Computer Society},
	address = {Washington, DC, USA},
	keywords = {Fully Homomorphic Encryption, Lattices, Learning with Errors},
}

@InProceedings{BV11b,
	author="Brakerski, Zvika
	and Vaikuntanathan, Vinod",
	editor="Rogaway, Phillip",
	title="Fully Homomorphic Encryption from Ring-LWE and Security for Key Dependent Messages",
	booktitle="Advances in Cryptology -- CRYPTO 2011",
	year="2011",
	publisher="Springer Berlin Heidelberg",
	address="Berlin, Heidelberg",
	pages="505--524",
	isbn="978-3-642-22792-9"
}


@misc{CKLS16,
	author = {Jung Hee Cheon and Duhyeong Kim and Joohee Lee and Yongsoo Song},
	title = {Lizard Public Key Encryption},
	howpublished = {Submission to NIST proposal, Round 1},
	year = {2017},
	note = {\url{https://csrc.nist.gov/Projects/Post-Quantum-Cryptography/Round-1-Submissions}},
}

@InProceedings{CN11,
	author="Chen, Yuanmi
	and Nguyen, Phong Q.",
	editor="Lee, Dong Hoon
	and Wang, Xiaoyun",
	title="BKZ 2.0: Better Lattice Security Estimates",
	booktitle="Advances in Cryptology -- ASIACRYPT 2011",
	year="2011",
	publisher="Springer Berlin Heidelberg",
	address="Berlin, Heidelberg",
	pages="1--20",
	isbn="978-3-642-25385-0"
}



@misc{DTV15,
	author = {Alexandre Duc and Florian Tramèr and Serge Vaudenay},
	title = {Better Algorithms for LWE and LWR},
	howpublished = {Cryptology ePrint Archive, Report 2015/056},
	year = {2015},
	note = {\url{https://eprint.iacr.org/2015/056}},
}


@inproceedings{FLX+16,
	author = {Fang, Fuyang and Li, Bao and Lu, Xianhui and Liu, Yamin and Jia, Dingding and Xue, Haiyang},
	title = {(Deterministic) Hierarchical Identity-based Encryption from Learning with Rounding over Small Modulus},
	booktitle = {Proceedings of the 11th ACM on Asia Conference on Computer and Communications Security},
	series = {ASIA CCS '16},
	year = {2016},
	isbn = {978-1-4503-4233-9},
	location = {Xi'an, China},
	pages = {907--912},
	numpages = {6},
	url = {http://doi.acm.org/10.1145/2897845.2897922},
	doi = {10.1145/2897845.2897922},
	acmid = {2897922},
	publisher = {ACM},
	address = {New York, NY, USA},
	keywords = {(hierarchical) identity-based encryption, deterministic (hierarchical) identity-based encryption, learning with rounding},
} 


@InProceedings{GM08,
	author="Gama, Nicolas
	and Nguyen, Phong Q.",
	editor="Smart, Nigel",
	title="Predicting Lattice Reduction",
	booktitle="Advances in Cryptology -- EUROCRYPT 2008",
	year="2008",
	publisher="Springer Berlin Heidelberg",
	address="Berlin, Heidelberg",
	pages="31--51",
	isbn="978-3-540-78967-3"
}


@article{HPWZ17,
	title={A signature scheme from Learning with Truncation},
	author={Jeffrey Hoffstein and Jill Pipher and William Whyte and Zhenfei Zhang},
	journal={IACR Cryptology ePrint Archive},
	year={2017},
	volume={2017},
	pages={995}
}

@InProceedings{KYGY16,
	author="Kudo, Momonari
	and Yamaguchi, Junpei
	and Guo, Yang
	and Yasuda, Masaya",
	editor="Ogawa, Kazuto
	and Yoshioka, Katsunari",
	title="Practical Analysis of Key Recovery Attack Against Search-LWE Problem",
	booktitle="Advances in Information and Computer Security",
	year="2016",
	publisher="Springer International Publishing",
	address="Cham",
	pages="164--181",
	isbn="978-3-319-44524-3"
}



@misc{LL15,
	author = {Kim Laine and Kristin Lauter},
	title = {Key Recovery for LWE in Polynomial Time},
	howpublished = {Cryptology ePrint Archive, Report 2015/176},
	year = {2015},
	note = {\url{https://eprint.iacr.org/2015/176}},
}


@InProceedings{LLL82,
	author = {Arjen K. Lenstra and Hendrik W. Lenstra and Laszlo Lovasz},
	year = {1982},
	month = {12},
	pages = {},
	title = {Factoring Polynomials with Rational Coefficients},
	volume = {261},
	booktitle = {Mathematische Annalen}
}


@InProceedings{LP11,
	author="Lindner, Richard
	and Peikert, Chris",
	editor="Kiayias, Aggelos",
	title="Better Key Sizes (and Attacks) for LWE-Based Encryption",
	booktitle="Topics in Cryptology -- CT-RSA 2011",
	year="2011",
	publisher="Springer Berlin Heidelberg",
	address="Berlin, Heidelberg",
	pages="319--339",
	isbn="978-3-642-19074-2"
}


@InProceedings{MR09,
	author="Micciancio, Daniele
	and Regev, Oded",
	editor="Bernstein, Daniel J.
	and Buchmann, Johannes
	and Dahmen, Erik",
	title="Lattice-based Cryptography",
	bookTitle="Post-Quantum Cryptography",
	year="2009",
	publisher="Springer Berlin Heidelberg",
	address="Berlin, Heidelberg",
	pages="147--191",
	isbn="978-3-540-88702-7
}


@article{Reg09,
	author = {Regev, Oded},
	title = {On Lattices, Learning with Errors, Random Linear Codes, and Cryptography},
	journal = {J. ACM},
	issue_date = {September 2009},
	volume = {56},
	number = {6},
	month = sep,
	year = {2009},
	issn = {0004-5411},
	pages = {34:1--34:40},
	articleno = {34},
	numpages = {40},
	url = {http://doi.acm.org/10.1145/1568318.1568324},
	doi = {10.1145/1568318.1568324},
	acmid = {1568324},
	publisher = {ACM},
	address = {New York, NY, USA},
	keywords = {Lattice, average-case hardness, cryptography, public key encryption, quantum computation},
} 


@manual{Sag81,
	Key          = {Sage},
	Author       = {W.\thinspace{}A. Stein and others},
	Organization = {The Sage Development Team},
	Title        = {{S}age {M}athematics {S}oftware ({V}ersion 8.1)},
	note         = {{\tt http://www.sagemath.org}},
	Year         = {2018},
}


@InProceedings{Kir14,
	author="Kirshanova, Elena",
	editor="Krawczyk, Hugo",
	title="Proxy Re-encryption from Lattices",
	booktitle="Public-Key Cryptography -- PKC 2014",
	year="2014",
	publisher="Springer Berlin Heidelberg",
	address="Berlin, Heidelberg",
	pages="77--94",
	isbn="978-3-642-54631-0"
}


@inproceedings{GPSW06,
	author = {Goyal, Vipul and Pandey, Omkant and Sahai, Amit and Waters, Brent},
	title = {Attribute-based Encryption for Fine-grained Access Control of Encrypted Data},
	booktitle = {Proceedings of the 13th ACM Conference on Computer and Communications Security},
	series = {CCS '06},
	year = {2006},
	isbn = {1-59593-518-5},
	location = {Alexandria, Virginia, USA},
	pages = {89--98},
	numpages = {10},
	url = {http://doi.acm.org/10.1145/1180405.1180418},
	doi = {10.1145/1180405.1180418},
	acmid = {1180418},
	publisher = {ACM},
	address = {New York, NY, USA},
	keywords = {access control, attribute-based encryption, audit logs, broadcast encryption, delegation, hierarchical identity-based encryption},
}


@misc{Boy12,
	author = {Xavier Boyen},
	title = {Attribute-Based Functional Encryption on Lattices},
	howpublished = {Cryptology ePrint Archive, Report 2012/716},
	year = {2012},
	note = {\url{https://eprint.iacr.org/2012/716}},
}


@article{GVW15,
	author = {Gorbunov, Sergey and Vaikuntanathan, Vinod and Wee, Hoeteck},
	title = {Attribute-Based Encryption for Circuits},
	journal = {J. ACM},
	issue_date = {December 2015},
	volume = {62},
	number = {6},
	month = dec,
	year = {2015},
	issn = {0004-5411},
	pages = {45:1--45:33},
	articleno = {45},
	numpages = {33},
	url = {http://doi.acm.org/10.1145/2824233},
	doi = {10.1145/2824233},
	acmid = {2824233},
	publisher = {ACM},
	address = {New York, NY, USA},
	keywords = {Cryptography, attribute-based encryption, fine-grained access control, lattices, learning with errors},
}

@inproceedings{Pei09,
	author = {Peikert, Chris},
	title = {Public-key Cryptosystems from the Worst-case Shortest Vector Problem: Extended Abstract},
	booktitle = {Proceedings of the Forty-first Annual ACM Symposium on Theory of Computing},
	series = {STOC '09},
	year = {2009},
	isbn = {978-1-60558-506-2},
	location = {Bethesda, MD, USA},
	pages = {333--342},
	numpages = {10},
	url = {http://doi.acm.org/10.1145/1536414.1536461},
	doi = {10.1145/1536414.1536461},
	acmid = {1536461},
	publisher = {ACM},
	address = {New York, NY, USA},
	keywords = {cryptography, lattices},
}

@misc{Wal08,
	author = {Brent Waters},
	title = {Ciphertext-Policy Attribute-Based Encryption: An Expressive, Efficient, and Provably Secure Realization},
	howpublished = {Cryptology ePrint Archive, Report 2008/290},
	year = {2008},
	note = {\url{https://eprint.iacr.org/2008/290}},
}


@InProceedings{,
	author="Waters, Brent",
	editor="Catalano, Dario
	and Fazio, Nelly
	and Gennaro, Rosario
	and Nicolosi, Antonio",
	title="Ciphertext-Policy Attribute-Based Encryption: An Expressive, Efficient, and Provably Secure Realization",
	booktitle="Public Key Cryptography -- PKC 2011",
	year="2011",
	publisher="Springer Berlin Heidelberg",
	address="Berlin, Heidelberg",
	pages="53--70",
	isbn="978-3-642-19379-8"
}


@misc{GJS16,
	author = {Qian Guo and Thomas Johansson and Paul Stankovski},
	title = {Coded-BKW: Solving LWE Using Lattice Codes},
	howpublished = {Cryptology ePrint Archive, Report 2016/310},
	year = {2016},
	note = {\url{https://eprint.iacr.org/2016/310}},
}


@inproceedings{GJS17,
	title={Coded-BKW with Sieving},
	booktitle={ASIACRYPT (1)},
	publisher={Springer},
	pages={323-346},
	author={Qian Guo and Thomas Johansson and Erik Mårtensson and Paul Stankovski},
	year=2017
}
